<?xml version="1.0" encoding="UTF-8"?><record xmlns="http://www.loc.gov/MARC21/slim" xmlns:cinclude="http://apache.org/cocoon/include/1.0" xmlns:zs="http://www.loc.gov/zing/srw/">
  <leader>00719cz  a2200205n  4500</leader>
  <controlfield tag="001">n  80040981 </controlfield>
  <controlfield tag="003">DLC</controlfield>
  <controlfield tag="005">20080815072816.0</controlfield>
  <controlfield tag="008">800508n| acannaabn          |b aaa      </controlfield>
  <datafield tag="010" ind1=" " ind2=" ">
    <subfield code="a">n  80040981 </subfield>
  </datafield>
  <datafield tag="035" ind1=" " ind2=" ">
    <subfield code="a">(OCoLC)oca00423044</subfield>
  </datafield>
  <datafield tag="040" ind1=" " ind2=" ">
    <subfield code="a">DLC</subfield>
    <subfield code="b">eng</subfield>
    <subfield code="c">DLC</subfield>
    <subfield code="d">CtY</subfield>
    <subfield code="d">OCoLC</subfield>
  </datafield>
  <datafield tag="100" ind1="1" ind2=" ">
    <subfield code="a">Ide, Masato,</subfield>
    <subfield code="d">1920-1989</subfield>
  </datafield>
  <datafield tag="400" ind1="1" ind2=" ">
    <subfield code="a">井出雅人,</subfield>
    <subfield code="d">1920-1989</subfield>
  </datafield>
  <datafield tag="400" ind1="1" ind2=" ">
    <subfield code="a">井手雅人,</subfield>
    <subfield code="d">1920-1989</subfield>
  </datafield>
  <datafield tag="667" ind1=" " ind2=" ">
    <subfield code="a">Machine-derived non-Latin script reference project.</subfield>
  </datafield>
  <datafield tag="667" ind1=" " ind2=" ">
    <subfield code="a">Non-Latin script references not evaluated.</subfield>
  </datafield>
  <datafield tag="670" ind1=" " ind2=" ">
    <subfield code="a">Kurosawa, A. Kagemusha, 1979 (a.e.)</subfield>
    <subfield code="b">p. 7 (Ide Masato)</subfield>
  </datafield>
  <datafield tag="670" ind1=" " ind2=" ">
    <subfield code="a">Chosakuken daichō, 1974</subfield>
    <subfield code="b">(Ide Masato; b. 1/1/Taishō 9)</subfield>
  </datafield>
  <datafield tag="670" ind1=" " ind2=" ">
    <subfield code="a">Ide Masato</subfield>
    <subfield code="b">p. 427, etc. (b. 1/1/1920; d. 7/17/1989)</subfield>
  </datafield>
</record>